%% This BibTeX bibliography file was created using BibDesk.
%% http://bibdesk.sourceforge.net/


%% Created for Peter Kristensen at 2010-07-22 19:09:40 +0200 


%% Saved with string encoding Unicode (UTF-8) 



@article{benoit2005simri,
	Author = {Benoit-Cattin, H. and Collewet, G. and Belaroussi, B. and Saint-Jalmes, H. and Odet, C.},
	Date-Added = {2010-07-22 19:09:39 +0200},
	Date-Modified = {2010-07-22 19:09:39 +0200},
	Journal = {Journal of Magnetic Resonance},
	Number = {1},
	Pages = {97--115},
	Publisher = {Elsevier},
	Title = {{The SIMRI project: a versatile and interactive MRI simulator}},
	Volume = {173},
	Year = {2005}}

@book{HaackeBook99,
	Abstract = {This book provides a synoptic introduction to the key fundamental and operational principles of MRI for medical physicists, radiologists,biochemists, and students. It addresses basic NMR principles, basic imaging concepts, Fourier transform concepts and fundamental applications such as chemical shift imaging, rf pulse design, fast imaging, motion and flow, MR angiography, diffusion, sequence design, and coil concepts.},
	Author = {Haacke, Mark E. and Brown, Robert W. and Thompson, Michael R. and Venkatesan, Ramesh},
	Citeulike-Article-Id = {463015},
	Citeulike-Linkout-0 = {http://www.amazon.ca/exec/obidos/redirect?tag=citeulike09-20\&amp;path=ASIN/0471351288},
	Citeulike-Linkout-1 = {http://www.amazon.de/exec/obidos/redirect?tag=citeulike01-21\&amp;path=ASIN/0471351288},
	Citeulike-Linkout-2 = {http://www.amazon.fr/exec/obidos/redirect?tag=citeulike06-21\&amp;path=ASIN/0471351288},
	Citeulike-Linkout-3 = {http://www.amazon.jp/exec/obidos/ASIN/0471351288},
	Citeulike-Linkout-4 = {http://www.amazon.co.uk/exec/obidos/ASIN/0471351288/citeulike00-21},
	Citeulike-Linkout-5 = {http://www.amazon.com/exec/obidos/redirect?tag=citeulike07-20\&path=ASIN/0471351288},
	Citeulike-Linkout-6 = {http://www.worldcat.org/isbn/0471351288},
	Citeulike-Linkout-7 = {http://books.google.com/books?vid=ISBN0471351288},
	Citeulike-Linkout-8 = {http://www.amazon.com/gp/search?keywords=0471351288\&index=books\&linkCode=qs},
	Citeulike-Linkout-9 = {http://www.librarything.com/isbn/0471351288},
	Date-Added = {2010-07-22 19:03:56 +0200},
	Date-Modified = {2010-07-22 19:06:44 +0200},
	Day = {15},
	Edition = {1st},
	Howpublished = {Hardcover},
	Isbn = {0471351288},
	Month = {June},
	Posted-At = {2006-12-27 23:26:03},
	Priority = {2},
	Publisher = {Wiley-Liss},
	Title = {Magnetic Resonance Imaging: Physical Principles and Sequence Design},
	Year = {1999},
	Bdsk-Url-1 = {http://www.amazon.com/exec/obidos/redirect?tag=citeulike07-20%5C&path=ASIN/0471351288}}

@inbook{feeman,
	Annote = {123},
	Author = {Timothy G. Feeman},
	Date-Added = {2010-07-22 18:54:07 +0200},
	Date-Modified = {2010-07-22 19:01:25 +0200},
	Pages = {115-128},
	Publisher = {Springer},
	Title = {The Mathematics of Medical Imaging: A Beginner's Guide},
	Year = {2009}}

@article{aibinu-mri,
	Author = {Aibinu, A.M. and Salami, M.J.E. and Shafie, A.A. and Najeeb, A.R.},
	Date-Modified = {2010-07-22 19:07:35 +0200},
	Journal = {world academy of science engineering and technology},
	Title = {{MRI Reconstruction Using Discrete Fourier Transform: A tutorial}},
	Year = {2008}}
